@article{metropolis1953,
    author = {Metropolis,Nicholas  and Rosenbluth,Arianna W.  and Rosenbluth,Marshall N.  and Teller,Augusta H.  and Teller,Edward },
    title = {Equation of State Calculations by Fast Computing Machines},
    journal = {The Journal of Chemical Physics},
    volume = {21},
    number = {6},
    pages = {1087-1092},
    year = {1953},
    doi = {10.1063/1.1699114},
    URL = {https://doi.org/10.1063/1.1699114},
    eprint = {https://doi.org/10.1063/1.1699114}
}

@article{geyer1992,
    author = "Geyer, Charles J.",
    doi = "10.1214/ss/1177011137",
    fjournal = "Statistical Science",
    journal = "Statist. Sci.",
    month = "11",
    number = "4",
    pages = "473--483",
    publisher = "The Institute of Mathematical Statistics",
    title = "Practical Markov Chain Monte Carlo",
    url = "https://doi.org/10.1214/ss/1177011137",
    volume = "7",
    year = "1992"
}

@article{liu2000,
    author = {Liu, Jun and Liang, Faming and Wong, Wing},
    year = {2000},
    month = {03},
    pages = {121-134},
    title = {The Multiple-Try Method and Local Optimization in Metropolis Sampling},
    volume = {95},
    journal = {Journal of The American Statistical Association - J AMER STATIST ASSN},
    doi = {10.1080/01621459.2000.10473908}
}

@misc{rejection_sampling,
  title = "Advanced Statistical Computing",
  author = "Roger D. Peng",
  year = "2018",
  howpublished = "\url{https://bookdown.org/rdpeng/advstatcomp/rejection-sampling.html}",
  note = "Accessed: 2020-03-17",
}

@article{yang2019,
    author = {Yang, Jinyoung and Craiu, Radu and Rosenthal, Jeffrey},
    year = {2019},
    month = {03},
    title = {Adaptive Component-Wise Multiple-Try Metropolis Sampling},
    journal = {Journal of Computational and Graphical Statistics},
    doi = {10.1080/10618600.2018.1513365}
}

@misc{lau2019,
    title="Plateau Proposal Distributions for Adaptive Component-wise Multiple-Try Metropolis",
    author="F. Din-Houn Lau and Sebastian Krumscheid",
    year="2019",
    eprint="1909.05201",
    archivePrefix="arXiv",
    primaryClass="stat.CO"
}
