@article{geyer1992,
author = "Geyer, Charles J.",
doi = "10.1214/ss/1177011137",
fjournal = "Statistical Science",
journal = "Statist. Sci.",
month = "11",
number = "4",
pages = "473--483",
publisher = "The Institute of Mathematical Statistics",
title = "Practical Markov Chain Monte Carlo",
url = "https://doi.org/10.1214/ss/1177011137",
volume = "7",
year = "1992"
}

@misc{lau2019,
    title="Plateau Proposal Distributions for Adaptive Component-wise Multiple-Try Metropolis",
    author="F. Din-Houn Lau and Sebastian Krumscheid",
    year="2019",
    eprint="1909.05201",
    archivePrefix="arXiv",
    primaryClass="stat.CO"
}

@misc{metropolis1953,}
@misc{liu2000,}
@misc{yang2019,}
